<record xmlns="http://www.loc.gov/MARC21/slim" xmlns:xsi="http://www.w3.org/2001/XMLSchema-instance" xsi:schemaLocation="http://www.loc.gov/MARC21/slim http://www.loc.gov/standards/marcxml/schema/MARC21slim.xsd"><leader>02573nam a2200541   4500</leader><controlfield tag="001">3121264</controlfield><controlfield tag="003">NNC</controlfield><controlfield tag="006">m        d        </controlfield><controlfield tag="007">cr cn |||m|||a</controlfield><controlfield tag="008">150223s1934    ua      ob    001 0 ara d</controlfield><datafield ind1=" " ind2=" " tag="040"><subfield code="a">NNU</subfield><subfield code="b">eng</subfield><subfield code="e">rda</subfield><subfield code="c">NNU</subfield></datafield><datafield ind1=" " ind2=" " tag="045"><subfield code="a">l5q5</subfield></datafield><datafield ind1=" " ind2="4" tag="050"><subfield code="a">PJ7653</subfield><subfield code="b">.S85 1934</subfield></datafield><datafield ind1="0" ind2="4" tag="082"><subfield code="a">892.791</subfield><subfield code="b">Su52k</subfield></datafield><datafield ind1="1" ind2=" " tag="100"><subfield code="6">880-01</subfield><subfield code="a">S&#803;u&#772;li&#772;, Muh&#803;ammad ibn Yah&#803;ya&#769;,</subfield><subfield code="d">-approximately 947.</subfield></datafield><datafield ind1="1" ind2="0" tag="240"><subfield code="6">880-02</subfield><subfield code="a">Awra&#772;q</subfield><subfield code="k">Mukhta&#772;ra&#772;t</subfield></datafield><datafield ind1="1" ind2="0" tag="245"><subfield code="6">880-03</subfield><subfield code="a">Kita&#772;b al-awra&#772;q :</subfield><subfield code="b">qism akhba&#772;r al-shu&#699;ara&#772;&#700; /</subfield><subfield code="c">li-Abi&#772; Bakr Muh&#803;ammad ibn Yah&#803;ya&#769; al-S&#803;u&#772;li&#772; ; &#699;uniya bi-nashrihi Hi&#772;warth Dann.</subfield></datafield><datafield ind1="3" ind2="0" tag="246"><subfield code="6">880-04</subfield><subfield code="a">akhba&#772;r al-shu&#699;ara&#772;&#700; </subfield></datafield><datafield ind1="1" ind2="5" tag="246"><subfield code="6">880-05</subfield><subfield code="a">Kita&#772;b al-awra&#772;q :</subfield><subfield code="b">section on contemporary poets</subfield></datafield><datafield ind1=" " ind2=" " tag="250"><subfield code="6">880-06</subfield><subfield code="a">al-T&#803;ab&#699;ah 1.</subfield></datafield><datafield ind1=" " ind2=" " tag="260"><subfield code="6">880-07</subfield><subfield code="a">Mis&#803;r :</subfield><subfield code="b">Mat&#803;ba&#699;at al-S&#803;a&#772;wi&#772;,</subfield><subfield code="c">1934.</subfield></datafield><datafield ind1=" " ind2=" " tag="300"><subfield code="a">online resource ([12], 256, 16 pages)</subfield></datafield><datafield ind1=" " ind2=" " tag="336"><subfield code="a">text</subfield><subfield code="2">rdacontent</subfield></datafield><datafield ind1=" " ind2=" " tag="337"><subfield code="a">computer</subfield><subfield code="2">rdamedia</subfield></datafield><datafield ind1=" " ind2=" " tag="338"><subfield code="a">online resource</subfield><subfield code="2">rdacarrier</subfield></datafield><datafield ind1=" " ind2=" " tag="500"><subfield code="a">Part of the Arabic Collections Online (ACO) project, contributed by Columbia University Libraries.</subfield></datafield><datafield ind1=" " ind2=" " tag="504"><subfield code="a">Includes bibliographical references and index.</subfield></datafield><datafield ind1=" " ind2=" " tag="533"><subfield code="a">Electronic reproduction.</subfield><subfield code="b">New York, N.Y. :</subfield><subfield code="c">New York University,</subfield><subfield code="d">2015.</subfield><subfield code="5">NNU</subfield></datafield><datafield ind1=" " ind2="0" tag="650"><subfield code="a">Arabic poetry</subfield><subfield code="y">750-1258.</subfield></datafield><datafield ind1=" " ind2="0" tag="650"><subfield code="a">Poets, Arab</subfield><subfield code="y">750-1258.</subfield></datafield><datafield ind1=" " ind2="7" tag="650"><subfield code="a">Arabic poetry.</subfield><subfield code="2">fast</subfield><subfield code="0">(OCoLC)fst00812533</subfield></datafield><datafield ind1=" " ind2="7" tag="650"><subfield code="a">Poets, Arab.</subfield><subfield code="2">fast</subfield><subfield code="0">(OCoLC)fst01067812</subfield></datafield><datafield ind1=" " ind2="7" tag="648"><subfield code="a">750 - 1258</subfield><subfield code="2">fast</subfield></datafield><datafield ind1="1" ind2=" " tag="700"><subfield code="6">880-08</subfield><subfield code="a">Heyworth-Dunne, J.</subfield><subfield code="q">(James)</subfield></datafield><datafield ind1="2" ind2=" " tag="710"><subfield code="a">Columbia University.</subfield><subfield code="b">Libraries.</subfield></datafield><datafield ind1="0" ind2=" " tag="730"><subfield code="a">Arabic Collections Online.</subfield></datafield><datafield ind1="0" ind2="8" tag="776"><subfield code="i">Print version:</subfield><subfield code="a">S&#803;u&#772;li&#772;, Muh&#803;ammad ibn Yah&#803;ya&#769;, -approximately 947.</subfield><subfield code="t">Kita&#772;b al-awra&#772;q</subfield><subfield code="w">(NNC)3121264</subfield><subfield code="w">(OCoLC)4397088</subfield></datafield><datafield ind1="4" ind2="0" tag="856"><subfield code="u">http://hdl.handle.net/2333.1/fqz614dh</subfield></datafield><datafield ind1="1" ind2=" " tag="880"><subfield code="6">100-01/r</subfield><subfield code="a">&#1589;&#1608;&#1604;&#1610;&#1548; &#1605;&#1581;&#1605;&#1583; &#1576;&#1606; &#1610;&#1581;&#1610;&#1609;&#1548;,</subfield><subfield code="d">-approximately 947.</subfield></datafield><datafield ind1="1" ind2="0" tag="880"><subfield code="6">240-02/r</subfield><subfield code="a">&#1571;&#1608;&#1585;&#1575;&#1602;.</subfield><subfield code="k">&#1605;&#1582;&#1578;&#1575;&#1585;&#1575;&#1578;</subfield></datafield><datafield ind1="1" ind2="0" tag="880"><subfield code="6">245-03/r</subfield><subfield code="a">&#1603;&#1578;&#1575;&#1576; &#1575;&#1604;&#1571;&#1608;&#1585;&#1575;&#1602; :</subfield><subfield code="b">&#1602;&#1587;&#1605; &#1571;&#1582;&#1576;&#1575;&#1585; &#1575;&#1604;&#1588;&#1593;&#1585;&#1575;&#1569; /</subfield><subfield code="c">&#1604;&#1571;&#1576;&#1610; &#1576;&#1603;&#1585; &#1605;&#1581;&#1605;&#1583; &#1576;&#1606; &#1610;&#1581;&#1610;&#1609; &#1575;&#1604;&#1589;&#1608;&#1604;&#1610; &#1563; &#1593;&#1606;&#1610; &#1576;&#1606;&#1588;&#1585;&#1607; &#1607;&#1610;&#1608;&#1585;&#1579; &#1583;&#1606;.</subfield></datafield><datafield ind1="3" ind2="0" tag="880"><subfield code="6">246-04/r</subfield><subfield code="a">&#1571;&#1582;&#1576;&#1575;&#1585; &#1575;&#1604;&#1588;&#1593;&#1585;&#1575;&#1569;</subfield></datafield><datafield ind1="1" ind2="5" tag="880"><subfield code="6">246-05/r</subfield><subfield code="a">&#1603;&#1578;&#1575;&#1576; &#1575;&#1604;&#1575;&#1608;&#1585;&#1575;&#1602; :</subfield><subfield code="b">section on contemporary poets</subfield></datafield><datafield ind1=" " ind2=" " tag="880"><subfield code="6">250-06/r</subfield><subfield code="a">&#1575;&#1604;&#1591;&#1576;&#1593;&#1577; 1.</subfield></datafield><datafield ind1=" " ind2=" " tag="880"><subfield code="6">260-07/r</subfield><subfield code="a">&#1605;&#1589;&#1585; :</subfield><subfield code="b">&#1605;&#1591;&#1576;&#1593;&#1577; &#1575;&#1604;&#1589;&#1575;&#1608;&#1610;&#1548;</subfield><subfield code="c">1934.</subfield></datafield><datafield ind1="1" ind2=" " tag="880"><subfield code="6">700-08/r</subfield><subfield code="a">&#1607;&#1610;&#1608;&#1585;&#1579;-&#8204;&#1583;&#1608;&#1606;&#1548; &#1580;&#1610;&#1605;&#1587;.</subfield></datafield><datafield ind1=" " ind2=" " tag="959"><subfield code="a">NNU</subfield><subfield code="b">WEB</subfield><subfield code="c">GENI</subfield><subfield code="t">0</subfield><subfield code="m">Electronic access</subfield><subfield code="s">01</subfield></datafield><datafield ind1=" " ind2=" " tag="999"><subfield code="i">NNC_3121264</subfield><subfield code="o">(OCoLC)04397088</subfield><subfield code="s">columbia_aco000178</subfield></datafield></record>